% BibTeX file for the Kassiopeia guide
@PREAMBLE{
 "\providecommand{\noopsort}[1]{}" 
 # "\providecommand{\singleletter}[1]{#1}%" 
}

@ARTICLE{RH1,
   author       = "Predrag Lazic  Hrvoje Stefancic and Hrvoje Abraham",
   year         = "2008",
   journal      = "Engineering Analysis with Boundary Elements",
   volume       = "32",
   pages        = "76-89",
}

@ARTICLE{RH2,
   author       = "Predrag Lazic  Hrvoje Stefancic and Hrvoje Abraham",
   year         = "2008",
   journal      = "Journal of Computational Physics",
   volume       = "213",
   pages        = "117-140",
}

@ARTICLE{Rao,
   author       = "S. Rao and T. Sarkar and R. F. Harrington",
   year         = "1974",
   journal      = "IEEE Transactions on Microwave Theory and Techniques",
   volume       = "32",
   pages        = "1441-1448",
}

@ARTICLE{Jelsma,
   author       = "L. Jelsma and E. Tweed and R. Phillips and R. Taylor",
   year         = "1970",
   journal      = "IEEE Transactions on Microwave Theory and Techniques",
   pages        = "648-649",
}

@MASTERSTHESIS{Corona,
   author       = "T. J. Corona", 
   title        = "", 
   school       = "Massachusetts Institute of Technology", 
   year         = "2008", 
   
   type         = "M.{S}. thesis", 
   address      = "", 
   month        = "", 
   note         = "", 
}

@BOOK{Jackson,
   author       = {J. D. Jackson},
   year         = 1975,
   title        = {Classical Electrodynamics},
   publisher    = {John Wiley and Sons}
}

@MISC{Gluck, 

   author       = "F.~Gluck", 
   title        = "", 
   howpublished = "personal communication", 
   month        = "" # may, 
   year         = "2010", 
   note         = "",
}
